% This file was created with JabRef 2.7.2.
% Encoding: Cp1252
%
%
%    SuperResolution: SuperResolution evaluation software
%    Copyright (C) 2011  S. Villena, M. Vega, D. Babacan, J. Mateos, 
%                               R. Molina and  A. K. Katsaggelos
%
%    If you use this software to evaluate any of the methods, please cite 
%    the corresponding papers (see manual).
%
%    This program is free software: you can redistribute it and/or modify
%    it under the terms of the GNU General Public License as published by
%    the Free Software Foundation, either version 3 of the License, or
%    (at your option) any later version.
%
%    This program is distributed in the hope that it will be useful,
%    but WITHOUT ANY WARRANTY; without even the implied warranty of
%    MERCHANTABILITY or FITNESS FOR A PARTICULAR PURPOSE.  See the
%    GNU General Public License for more details.
%
%    You should have received a copy of the GNU General Public License
%    along with this program.  If not, see <http://www.gnu.org/licenses/>.

@ARTICLE{Babacan:2011,
  author = {S. D. Babacan and R. Molina and A.K. Katsaggelos},
  title = {Variational {Bayesian} Super Resolution },
  journal = {IEEE Transactions on Image Processing},
  year = {2011},
  volume = {20},
  pages = {984-999},
  number = {4},
  url = {http://decsai.ugr.es/vip/files/journals/2011SR.BMK.pdf}
}

@PHDTHESIS{VillenaThesis:11,
  author = {S. Villena},
  title = {Superresoluci\'on y Reconstrucci\'on Bayesiana de Im\'agenes a Partir
	de Im\'agenes de Baja Resoluci\'on Rotadas y Desplazadas. Combinaci\'on
	de Modelos},
  school = {Universidad de Granada},
  year = {2011},
  month = {December}
}

@ARTICLE{Villena:11,
  author = {S. Villena and M. Vega and D. Babacan and R. Molina and A. Katsaggelos},
  title = {Bayesian combination of sparse and non sparse priors in image superresolution},
  journal = {Submitted to Digital Signal Processing},
  year = {2012},
  owner = {S.Villena}
}

@INPROCEEDINGS{VillenaIcip:10,
  author = {S. Villena and M. Vega and D. Babacan and R. Molina and A. Katsaggelos},
  title = {Using the {Kullback}-{Leibler} Divergence to Combine Image Priors
	in Super-Resolution Image Reconstruction},
  booktitle = {IEEE International Conference on Image Processing},
  year = {2010},
  pages = {809-812},
  month = {September},
  organization = {Hong-Kong (China)},
  url = {http://decsai.ugr.es/vip/files/conferences/0000893.pdf}
}


@INPROCEEDINGS{Villena:09,
  author = {S. Villena and M. Vega and R. Molina and A. K. Katsaggelos},
  title = {Bayesian Super-Resolution Image Reconstruction using an l1 prior},
  booktitle = {6th International Symposium on Image and Signal Processing and Analysis
	(ISPA 2009) Best paper award, Image Processing and Analysis Track},
  year = {2009},
  pages = {152-157},
  url = { http://decsai.ugr.es/vip/files/conferences/123.pdf }
}

